@article{airfoil,
	author = "Mike Giles, Gihan Mudalige, Istvan Reguly",
	title = "OP2 Airfoil Example",
	year = "2012",
	note = "https://op-dsl.github.io/docs/OP2/airfoil-doc.pdf"
 }
@misc{github,
	title = "OP2-Common",
	publisher = "GitHub",
	howpublished = "https://github.com/OP-DSL"
}

@article{op2main,
	author = "G.R. Mudalige, I. Reguly, M.B. Giles",
	title = "OP2: An Active Library Framework for Solving Unstructured Mesh-based Applications on Multi-Core and Many-Core Architectures",
	year = "2012",
	note = "https://www.oerc.ox.ac.uk/sites/default/files/uploads/profile-pages/Gihan/InPar2012.pdf"
}

@article{autoVector,
	author = "G.R. Mudalige, I.Z. Reguly and M.B. Giles",
	title = "Auto-Vectorizing a Large-scale Production Unstructured-mesh CFD Application",
	year = "2016",
	note = "https://www.oerc.ox.ac.uk/sites/default/files/uploads/profile-pages/Gihan/GRM-WPMVP.pdf"
}

@article{industrial,
	author = "I.Z. Reguly and others",
	title = "Acceleration of a Full-scale Industrial CFD
Application with OP2",
	year = "2015",
	note = "https://www.oerc.ox.ac.uk/sites/default/files/uploads/profile-pages/Gihan/OP2-Hydra.pdf"
}
