@misc{OP2rep,
        title   = {OP2-Common},
        publisher       = {github},
        howpublished    = {https://github.com/OP-DSL/OP2-Common}
}
@misc{airfoil,
         author = "Mike Giles, Gihan Mudalige, Istvan Reguly",
         title = "OP2 Airfoil Example",
         year = "2012",
         note = "https://op-dsl.github.io/docs/OP2/airfoil-doc.pdf"
}
@misc{volna,
         author = "Istvan Z. Reguly, Daniel Giles, et al.",
         title = "The Volna-OP2 tsunami code",
         year = "2018",
         note =  "https://www.geosci-model-dev.net/11/4621/2018/gmd-11-4621-2018.pdf"
}

@misc{op2main,
         author = "G.R. Mudalige, I. Reguly, M.B. Giles",
         title = "OP2: An Active Library Framework for Solving Unstructured Mesh-based Applications on Multi-Core     and Many-Core Architectures",
         year = "20",
         note = "https://www.oerc.ox.ac.uk/sites/default/files/uploads/profile-pages/Gihan/InPar20.pdf"
}
 
@misc{autoVector,
         author = "G.R. Mudalige, I.Z. Reguly and M.B. Giles",
         title = "Auto-Vectorizing a Large-scale Production Unstructured-mesh CFD Application",
         year = "20",
         note = "https://www.oerc.ox.ac.uk/sites/default/files/uploads/profile-pages/Gihan/GRM-WPMVP.pdf"
}
 
@misc{industrial,
         author = "I.Z. Reguly and others",
         title = "Acceleration of a Full-scale Industrial CFD
                 30 Application with OP2",
         year = "20",
         note = "https://www.oerc.ox.ac.uk/sites/default/files/uploads/profile-pages/Gihan/OP2-Hydra.pdf"
 }

@misc{metis,
         title = "ParMetis",
         note = "http://glaros.dtc.umn.edu/gkhome/metis/parmetis/overview"
}
@misc{scotch,
         title = "PT-Scotch",
         note = "https://www.labri.fr/perso/pelegrin/scotch/"
}
@misc{cuda,
         title = "CUDA SDK",
         note = "https://developer.nvidia.com/cuda-toolkit"
}
@misc{aup,
         title = "Scientific Computing RTP Acceptable Use Policy",
         note = "https://warwick.ac.uk/research/rtp/sc/policies/aup"
}
