@misc{OP2rep,
        title   = {OP2-Common},
        author  = {OP-DSL},
        publisher       = {github},
        howpublished    = "https://github.com/OP-DSL/OP2-Common"
}
@online{airfoil,
         author = "G.R. Mudalige, I. Reguly, M.B. Giles",
         title = "OP2 Airfoil Example",
         year = "2012",
         url = {https://op-dsl.github.io/docs/OP2/airfoil-doc.pdf},
         urldate = {2019-11-05}
}
@misc{volna,
         author = "I. Reguly, D. Giles, et al.",
         title = "The Volna-OP2 tsunami code",
         year = "2018",
         note =  "https://www.geosci-model-dev.net/11/4621/2018/gmd-11-4621-2018.pdf"
}

@misc{op2main,
         author = "G.R. Mudalige, I. Reguly, M.B. Giles",
         title = "OP2: An Active Library Framework for Solving Unstructured Mesh-based Applications on Multi-Core and Many-Core Architectures",
         year = "2012",
}

@online{manual,
         author = "G.R. Mudalige, I. Reguly, M.B. Giles",
         title = "OP2 C++ User Manual",
         url = {https://op-dsl.github.io/docs/OP2/OP2_Users_Guide.pdf},
         urldate = {2019-11-05}
}

@manual{guide,
        title = {NVidia CUDA C Programming Guide},
        author = "NVidia Corporation",
        language = {English},
        version = {4.2},
        organization = {NVidia},
        pagetotal = {160}
}

@online{make,
         author = "Free Software Foundation Inc.",
         title = "GNU Make",
         url = {https://www.gnu.org/software/make/},
         urldate = {2020-04-01}
}

@online{toolkit,
         author = "NVidia Corporation",
         title = "CUDA toolkit",
         url = {https://developer.nvidia.com/cuda-toolkit},
         urldate = {2020-04-01}
}

@online{nvcc,
         author = "NVidia Corporation",
         title = "NVidia C Compiler",
         url = {https://docs.nvidia.com/cuda/cuda-compiler-driver-nvcc/index.html},
         urldate = {2020-04-01}
}

@online{HDF5,
         author = "The HDF Group",
         title = "HDF5",
         url = {https://www.hdfgroup.org/},
         urldate = {2020-04-04}
}
